  @Article{lme4,
    title = {Fitting Linear Mixed-Effects Models Using {lme4}},
    author = {Douglas Bates and Martin M{\"a}chler and Ben Bolker and Steve Walker},
    journal = {Journal of Statistical Software},
    year = {2015},
    volume = {67},
    number = {1},
    pages = {1--48},
    doi = {10.18637/jss.v067.i01},
  }
  
  @Article{lmerTest,
    title = {{lmerTest} Package: Tests in Linear Mixed Effects Models},
    author = {Alexandra Kuznetsova and Per B. Brockhoff and Rune H. B. Christensen},
    journal = {Journal of Statistical Software},
    year = {2017},
    volume = {82},
    number = {13},
    pages = {1--26},
    doi = {10.18637/jss.v082.i13},
  }
  
  @Manual{tidyverse,
    title = {tidyverse: Easily Install and Load the 'Tidyverse'},
    author = {Hadley Wickham},
    year = {2017},
    note = {R package version 1.2.1},
    url = {https://CRAN.R-project.org/package=tidyverse},
  }
  
  @Manual{faux,
    title = {Faux  (beta) (Version v0.0.0.9013-beta)},
    author = {Lisa DeBruine},
    doi = {10.5281/zenodo.2669587},
    publisher = {Zenodo},
    year = {2019},
    month = {May},
    url = {https://debruine.github.io/faux/},
  }
  
  @Manual{broom.mixed,
    title = {broom.mixed: Tidying Methods for Mixed Models},
    author = {Ben Bolker and David Robinson},
    year = {2019},
    note = {R package version 0.2.4},
    url = {https://CRAN.R-project.org/package=broom.mixed},
  }