@article{matuschek_et_al_2017,
  title={Balancing Type {I} error and power in linear mixed models},
  author={Matuschek, Hannes and Kliegl, Reinhold and Vasishth, Shravan and Baayen, Harald and Bates, Douglas},
  journal={Journal of Memory and Language},
  volume={94},
  pages={305--315},
  year={2017},
  publisher={Elsevier}
}
}

@article{barr_2013,
  title={Random effects structure for testing interactions in linear mixed-effects models},
  author={Barr, Dale J},
  journal={{Frontiers in Psychology}},
  volume={4},
  pages={328},
  year={2013}
}

@article{baayen_davidson_bates_2008,
    author = {Baayen, R. H. and Davidson, D. J. and Bates, D. M.},
    journal = {Journal of Memory and Language},
    pages = {390--412},
    title = {Mixed-effects modeling with crossed random effects for subjects and items},
    volume = {59},
    year = {2008}
}

@incollection{barr_2018,
  title={{Generalizing over encounters: Statistical and theoretical considerations}},
  author={Barr, Dale J},
  year={2018},
  editor={S.-A. Rueschemeyer and M. G. Gaskell},
  booktitle={Oxford Handbook of Psycholinguistics},
  publisher={Oxford University Press}
}

@article{barr_et_al_2013,
  title={{Random effects structure for confirmatory hypothesis testing: Keep it maximal}},
  author={Barr, Dale J and Levy, Roger and Scheepers, Christoph and Tily, Harry J},
  journal={{Journal of Memory and Language}},
  volume={68},
  number={3},
  pages={255--278},
  year={2013}
  }

@article{bedny_aguirre_thompson-schill_2007,
  title={Item analysis in functional magnetic resonance imaging},
  author={Bedny, Marina and Aguirre, Geoffrey K and Thompson-Schill, Sharon L},
  journal={Neuroimage},
  volume={35},
  number={3},
  pages={1093--1102},
  year={2007},
  publisher={Elsevier}
}


@article{judd_westfall_kenny_2012,
  title={{Treating stimuli as a random factor in social psychology: A new and comprehensive solution to a pervasive but largely ignored problem.}},
  author={Judd, Charles M and Westfall, Jacob and Kenny, David A},
  journal={{Journal of Personality and Social Psychology}},
  volume={103},
  pages={54},
  year={2012}
}


@article{locker_hoffman_bovaird_2007,
    author = {Locker, Lawrence and Hoffman, Lesa and Bovaird, James},
    journal = {Behavior Research Methods},
    pages = {723--730},
    title = {On the use of multilevel modeling as an alternative to items analysis in psycholinguistic research},
    volume = {39},
    year = {2007}
}


@article{clark_1973,
  title={{The language-as-fixed-effect fallacy: A critique of language statistics in psychological research}},
  author={Clark, Herbert H},
  journal={{Journal of Verbal Learning and Verbal Behavior}},
  volume={12},
  pages={335--359},
  year={1973},
  publisher={Elsevier}
}

@article{coleman_1964,
  title={Generalizing to a language population},
  author={Coleman, Edmund B},
  journal={Psychological Reports},
  volume={14},
  pages={219--226},
  year={1964}
}

@article{forster_dickinson_1976,
    author = {Forster, K. and Dickinson, R.},
    journal = {{Journal of Verbal Learning and Verbal Behavior}},
    pages = {135--142},
    title = {More on the language-as-fixed-effect fallacy: Monte Carlo estimates of error rates for {$F_1$,$F_2$},{$F'$}, and min {$F'$}},
    volume = {15},
    year = {1976}
}

@article{westfall_yarkoni_2016,
  title={{Fixing the stimulus-as-fixed-effect fallacy in task fMRI}},
  author={Westfall, Jacob and Nichols, Thomas E and Yarkoni, Tal},
  journal={{Wellcome Open Research}},
  volume={1},
  year={2016},
  publisher={The Wellcome Trust}
}

@article{westfall_2014,
  author = {Westfall, Jacob and Kenny, David A. and Judd, Charles M.},
  title = {Statistical power and optimal design in experiments in which samples of participants respond to samples of stimuli},
  journal = {Journal of Experimental Psychology: General},
  volume = {143},
  number = {5},
  pages = {2020-2045},
  year = {2014},
  doi = {}
}

@article{TOSTtutorial,
  author = {DaniÃ«l Lakens and Anne M. Scheel and Peder M. Isager},
  title = {Equivalence Testing for Psychological Research: A Tutorial},
  journal = {Advances in Methods and Practices in Psychological Science},
  volume = {1},
  number = {2},
  pages = {259--269},
  year = {2018},
  doi = {10.1177/2515245918770963},
  URL = { https://doi.org/10.1177/2515245918770963 }
}